%%
%% WinShell 3.3.2.6
%% http://www.winshell.org/
%%

% Strings


% Preamble


% BibTeX Entries
@book{dresses,
 author               = {Andrew S. Dolkart},
 journal              = {Unknown Journal},
 organization         = {Colombia University},
 publisher            = {Columbia University},
 title                = {The Architecture and Development of New York City},
 year                 = {2014},
 }

@book{fundaero,
 author               = {John David Anderson},
 publisher            = {Boston : McGraw-Hill Higher Education},
 title                = {Fundamentals of Aerodynamics},
 year                 = {2007},
 }

@book{postalcard,
 author               = {Alice Sparberg Alexiou},
 journal              = {Unknown Journal},
 publisher            = {St. Martin's Griffin},
 title                = {The Flatiron},
 year                 = {2010},
 }

@book{skyscraper,
 author               = {Sarah Bradford Landau, Carl W. Condit},
 journal              = {Unknown Journal},
 publisher            = {Yale University Press},
 title                = {Rise of the New York Skyscraper 1865-1913},
 year                 = {1999},
 }

@misc{windspeed,
 author               = {NOAA Satellites and Information},
 howpublished         = {\url{http://www1.ncdc.noaa.gov/pub/data/ccd-data/wndspd12.txt}},
 note                 = {Accessed online 2014-09-20},
 title                = {Wind - Average Speed (MPH)},
 }
